<?xml version="1.0" encoding="UTF-8"?><collection xmlns="http://www.loc.gov/MARC21/slim"><record><leader>00403nam--2200133-i-4500</leader><controlfield tag="001">000019717</controlfield><controlfield tag="002">20161230</controlfield><controlfield tag="005">20161230201033</controlfield><controlfield tag="008">060222s1000------------r-----000-0-eng-d</controlfield><datafield ind1=" " ind2=" " tag="080"><subfield code="a">623.454.8</subfield></datafield><datafield ind1=" " ind2=" " tag="100"><subfield code="a">Delcoigne, Georges Et Rubinstein, Georges</subfield></datafield><datafield ind1=" " ind2=" " tag="245"><subfield code="a">Non-proliferation des armes nucleaires et systemes de controle</subfield></datafield><datafield ind1=" " ind2=" " tag="260"><subfield code="a">Bruxelles, Universite Libre De Bruxelles, 1970 214 P</subfield></datafield><datafield ind1=" " ind2=" " tag="852"><subfield code="a">45549</subfield></datafield></record></collection>